

@article{Sako00,
  author = "Yusaku Sako and Kikuo Fujimura",
  title = "Shape Similarity by Homotropic Deformation",
  journal = "The Visual Computer",
  volume = 16,
  number = 1,
  pages = "47--61",
  publisher = "Springer-Verlag",
  year = 2000,
}


@book{day2012write,
  title={How to write and publish a scientific paper},
  author={Day, Robert and Gastel, Barbara},
  year={2012},
  publisher={Cambridge University Press}
}

%%[Ledoux] Hugo Ledoux. Computing the 3D Voronoi Diagram Robustly: An Easy Explanation.
%%http://www.gdmc.nl/projects/rgi-otb/3dtopo/documents/RGI-011-56.pdf

%% Based on http://www.joesfer.com/?p=60
